@inproceedings{zeiler2014visualizing,
  title={Visualizing and understanding convolutional networks},
  author={Zeiler, Matthew D and Fergus, Rob},
  booktitle={European conference on computer vision},
  pages={818--833},
  year={2014},
  organization={Springer}
}

@article{simonyan2014very,
  title={Very deep convolutional networks for large-scale image recognition},
  author={Simonyan, Karen and Zisserman, Andrew},
  journal={arXiv preprint arXiv:1409.1556},
  year={2014}
}

@misc{cifar,
  title={CIFAR datasets},
  author={Matthew D. Zeiler and Rob Fergus},
  howpublished={{\url{https://www.cs.toronto.edu/~kriz/cifar.html}}},
  publisher={Seen on 11/27/2018},
}

@misc{tf_cnnvis,
  author = {Bhagyesh Vikani, Falak Shah},
  title = {CNN Visualization},
  year = {2017},
  howpublished = {\url{https://github.com/InFoCusp/tf_cnnvis/}},
  note = {commit a2b2ff7}
}

@article{simonyan2014very,
  title={Very deep convolutional networks for large-scale image recognition},
  author={Simonyan, Karen and Zisserman, Andrew},
  journal={arXiv preprint arXiv:1409.1556},
  year={2014}
}

@misc{blog,
  title={Inceptionism: Going Deeper into Neural Networks},
  author={Alexander Mordvintsev and Christopher Olah and Mike Tyka},
  howpublished={{\url{https://ai.googleblog.com/2015/06/inceptionism-going-deeper-into-neural.html}}},
  publisher={Seen on 11/27/2018},
}

@inproceedings{nguyen2015deep,
  title={Deep neural networks are easily fooled: High confidence predictions for unrecognizable images},
  author={Nguyen, Anh and Yosinski, Jason and Clune, Jeff},
  booktitle={Proceedings of the IEEE Conference on Computer Vision and Pattern Recognition},
  pages={427--436},
  year={2015}
}

@inproceedings{mahendran2015understanding,
  title={Understanding deep image representations by inverting them},
  author={Mahendran, Aravindh and Vedaldi, Andrea},
  booktitle={Proceedings of the IEEE conference on computer vision and pattern recognition},
  pages={5188--5196},
  year={2015}
}

